<?xml version="1.0" encoding="UTF-8"?>
<record>
  <leader>01186nam#a2200289#cc4500</leader>
  <controlfield tag="005">20210408043319.0</controlfield>
  <controlfield tag="008">930219|1990####ja############|||#|#jpn#c</controlfield>
  <controlfield tag="003">DE-605</controlfield>
  <controlfield tag="001">990081056390206441</controlfield>
  <datafield tag="016" ind1="7" ind2=" ">
    <subfield code="a">1067852252</subfield>
    <subfield code="2">OCoLC</subfield>
  </datafield>
  <datafield tag="020" ind1=" " ind2=" ">
    <subfield code="a">4642005048</subfield>
    <subfield code="9">4-642-00504-8</subfield>
  </datafield>
  <datafield tag="035" ind1=" " ind2=" ">
    <subfield code="a">(DE-605)HT004440050</subfield>
  </datafield>
  <datafield tag="040" ind1=" " ind2=" ">
    <subfield code="a">385</subfield>
    <subfield code="b">ger</subfield>
    <subfield code="e">rakwb</subfield>
  </datafield>
  <datafield tag="041" ind1=" " ind2=" ">
    <subfield code="a">jpn</subfield>
  </datafield>
  <datafield tag="044" ind1=" " ind2=" ">
    <subfield code="c">XB-JP</subfield>
  </datafield>
  <datafield tag="245" ind1="0" ind2="0">
    <subfield code="6">880-01</subfield>
    <subfield code="a">Kokushi daijiten</subfield>
    <subfield code="n">4</subfield>
    <subfield code="p">Ki - Ku</subfield>
    <subfield code="c">Kokushi Daijiten Henshū Iinkai hen</subfield>
  </datafield>
  <datafield tag="880" ind1="0" ind2="0">
    <subfield code="6">245-01/Jpan</subfield>
    <subfield code="a">国史大辞典</subfield>
    <subfield code="9">O:H</subfield>
    <subfield code="9">F:331</subfield>
  </datafield>
  <datafield tag="250" ind1=" " ind2=" ">
    <subfield code="a">1 han, 3 satsu</subfield>
  </datafield>
  <datafield tag="264" ind1=" " ind2="1">
    <subfield code="a">Tōkyō</subfield>
    <subfield code="b">Yoshikawa Kōbunkan</subfield>
    <subfield code="c">Heisei 2 [1990]</subfield>
  </datafield>
  <datafield tag="300" ind1=" " ind2=" ">
    <subfield code="a">3, 1098 S. : Ill., Kt.</subfield>
    <subfield code="e">Shisō-yowa (16 S.)</subfield>
  </datafield>
  <datafield tag="700" ind1="1" ind2=" ">
    <subfield code="6">880-02</subfield>
    <subfield code="a">Sakamoto, Tarō</subfield>
    <subfield code="d">1901-1987</subfield>
    <subfield code="0">(DE-588)140915214</subfield>
    <subfield code="4">oth</subfield>
    <subfield code="e">Begründer eines Werks</subfield>
    <subfield code="9">O:H</subfield>
  </datafield>
  <datafield tag="880" ind1="1" ind2=" ">
    <subfield code="6">700-02/Jpan</subfield>
    <subfield code="a">坂本, 太郎</subfield>
    <subfield code="9">O:H</subfield>
  </datafield>
  <datafield tag="710" ind1="2" ind2=" ">
    <subfield code="6">880-03</subfield>
    <subfield code="a">Kokushi-Daijiten-Henshū-Iinkai</subfield>
    <subfield code="0">(DE-588)5144111-1</subfield>
    <subfield code="4">isb</subfield>
    <subfield code="9">O:H</subfield>
  </datafield>
  <datafield tag="880" ind1="2" ind2=" ">
    <subfield code="6">710-03/Jpan</subfield>
    <subfield code="a">国史大辞典編集委員会</subfield>
    <subfield code="9">O:H</subfield>
  </datafield>
  <datafield tag="773" ind1="0" ind2="8">
    <subfield code="w">(DE-605)HT004273059</subfield>
    <subfield code="q">4</subfield>
  </datafield>
  <datafield tag="964" ind1="0" ind2="s">
    <subfield code="F">030</subfield>
    <subfield code="A">a|1uc||||||||</subfield>
  </datafield>
  <datafield tag="035" ind1=" " ind2=" ">
    <subfield code="a">(OCoLC)1067852252</subfield>
  </datafield>
  <datafield tag="MBD" ind1=" " ind2=" ">
    <subfield code="M">49HBZ_NETWORK</subfield>
    <subfield code="i">990081056390206441</subfield>
    <subfield code="n">HBZ Network</subfield>
  </datafield>
  <datafield tag="MNG" ind1=" " ind2=" ">
    <subfield code="c">System</subfield>
    <subfield code="f">ILS</subfield>
    <subfield code="i">marc21</subfield>
    <subfield code="k">01</subfield>
    <subfield code="e">false</subfield>
    <subfield code="d">2021-04-08 04:33:19 Europe/Berlin</subfield>
    <subfield code="g">008105639-HBZ01</subfield>
    <subfield code="j">60</subfield>
    <subfield code="a">import</subfield>
    <subfield code="b">2021-04-05 22:13:09 Europe/Berlin</subfield>
  </datafield>
</record>
